@article{debattista2015luzzu,
  title={Luzzu Quality Metric Language--A DSL for Linked Data Quality Assessment},
  author={Debattista, Jeremy and Lange, Christoph and Auer, S{\"o}ren},
  journal={arXiv preprint arXiv:1504.07758},
  year={2015}
}

@article{debattista2014luzzu,
  title={LUZZU-A Framework for Linked Data Quality Assessment},
  author={Debattista, Jeremy and Londo{\~n}o, Santiago and Lange, Christoph and Auer, S{\"o}ren},
  journal={arXiv preprint arXiv:1412.3750},
  year={2014}
}

@misc{Flemming2008,
  added-at = {2015-10-12T17:02:20.000+0200},
  author = {Flemming, Annika},
  biburl = {http://www.bibsonomy.org/bibtex/26df520a6a87dd12cb05d955ed8a04da3/aksw},
  howpublished = {\url{http://sourceforge.net/apps/mediawiki/trdf/index.php?\\title=Quality_Criteria_for_Linked_Data_sources}},
  interhash = {0ec9c13a02c3f33c9a1b1b615270efc3},
  intrahash = {6df520a6a87dd12cb05d955ed8a04da3},
  keywords = {nokeyword},
  note = {[Online; accessed 13-February-2014]},
  timestamp = {2015-10-12T17:02:20.000+0200},
  title = {{Quality Characteristics of Linked Data Publishing Datasources}},
  year = 2010
}

@inproceedings{mendes2012sieve,
  title={Sieve: linked data quality assessment and fusion},
  author={Mendes, Pablo N and M{\"u}hleisen, Hannes and Bizer, Christian},
  booktitle={Proceedings of the 2012 Joint EDBT/ICDT Workshops},
  pages={116--123},
  year={2012},
  organization={ACM}
}

@inproceedings{dong2007indexing,
  title={Indexing dataspaces},
  author={Dong, Xin and Halevy, Alon},
  booktitle={Proceedings of the 2007 ACM SIGMOD international conference on Management of data},
  pages={43--54},
  year={2007},
  organization={ACM}
}

@inproceedings{kontokostas2014test,
  title={Test-driven evaluation of linked data quality},
  author={Kontokostas, Dimitris and Westphal, Patrick and Auer, S{\"o}ren and Hellmann, Sebastian and Lehmann, Jens and Cornelissen, Roland and Zaveri, Amrapali},
  booktitle={Proceedings of the 23rd international conference on World Wide Web},
  pages={747--758},
  year={2014},
  organization={ACM}
}

@inproceedings{hakkani2011employing,
  title={Employing web search query click logs for multi-domain spoken language understanding},
  author={Hakkani-T{\"u}r, Dilek and Tur, Gokhan and Heck, Larry and Celikyilmaz, Asli and Fidler, Ashley and Hillard, Dustin and Iyer, Rukmini and Parthasarathy, Sarangarajan},
  booktitle={Automatic Speech Recognition and Understanding (ASRU), 2011 IEEE Workshop on},
  pages={419--424},
  year={2011},
  organization={IEEE}
}

@inproceedings{tur2011towards,
  title={Towards Unsupervised Spoken Language Understanding: Exploiting Query Click Logs for Slot Filling.},
  author={T{\"u}r, G{\"o}khan and Hakkani-T{\"u}r, Dilek Z and Hillard, Dustin and Celikyilmaz, Asli},
  booktitle={INTERSPEECH},
  pages={1293--1296},
  year={2011}
}

@inproceedings{wang2014leveraging,
  title={Leveraging semantic web search and browse sessions for multi-turn spoken dialog systems},
  author={Wang, Lu and Heck, Larry and Hakkani-Tur, Dilek},
  booktitle={Acoustics, Speech and Signal Processing (ICASSP), 2014 IEEE International Conference on},
  pages={4082--4086},
  year={2014},
  organization={IEEE}
}

@inproceedings{zaveri2013user,
  title={User-driven quality evaluation of dbpedia},
  author={Zaveri, Amrapali and Kontokostas, Dimitris and Sherif, Mohamed A and B{\"u}hmann, Lorenz and Morsey, Mohamed and Auer, S{\"o}ren and Lehmann, Jens},
  booktitle={Proceedings of the 9th International Conference on Semantic Systems},
  pages={97--104},
  year={2013},
  organization={ACM}
}


@inproceedings{ruckhaus2013analyzing,
  title={Analyzing Linked Data Quality with LiQuate},
  author={Ruckhaus, Edna and Baldiz{\'a}n, Oriana and Vidal, Mar{\'\i}a-Esther},
  booktitle={On the Move to Meaningful Internet Systems: OTM 2013 Workshops},
  pages={629--638},
  year={2013},
  organization={Springer}
}

@incollection{gueret2012assessing,
  title={Assessing linked data mappings using network measures},
  author={Gu{\'e}ret, Christophe and Groth, Paul and Stadler, Claus and Lehmann, Jens},
  booktitle={The Semantic Web: Research and Applications},
  pages={87--102},
  year={2012},
  publisher={Springer}
}






@INPROCEEDINGS{AUE+11,
author = {S{\"o}ren Auer and Jens Lehmann and Axel-Cyrille Ngonga Ngomo},
title = {Introduction to Linked Data and Its Lifecycle on the Web},
booktitle = {Reasoning Web},
year = {2011},
pages = {1--75},
date-modified = {2012-12-02 13:07:41 +0000},
keywords = {group_aksw sys:relevantFor:infai sys:relevantFor:bis SIMBA ngonga
auer lehmann MOLE 2011}
}

@article{Zaveri2012:LODQ,
author = {Zaveri, Amrapali and Rula, Anisa and Maurino, Andrea and Pietrobon, Ricardo and Lehmann, Jens and Auer, S{\"o}ren},
title = {Quality Assessment for Linked Data},
journal = {Semantic Web Journal},
year = {2015},
number = {preprint},
volume = {preprint},
pubstate = {prepublished},
url = {http://www.semantic-web-journal.net/content/quality-assessment-linked-data-survey}
}

@article{rajashekar1995combining,
  title={Combining automatic and manual index representations in probabilistic retrieval},
  author={Rajashekar, TB and Croft, Bruce W},
  journal={Journal of the American society for information science},
  volume={46},
  number={4},
  pages={272--283},
  year={1995},
  publisher={American Society for Information Science}
}

@article{Harth2007,
abstract = {We present the architecture of an end-to-end semantic search engine that uses a graph data model to enable interactive query answering over structured and interlinked data collected from many disparate sources on the Web. In particular, we study distributed indexing methods for graph-structured data and parallel query evaluation methods on a cluster of computers. We evaluate the system on a dataset with 430 million statements collected from the Web, and provide scale-up experiments on 7 billion synthetically generated statements.},
author = {Harth, Andreas and Umbrich, J\"{u}rgen and Hogan, Aidan and Decker, Stefan},
doi = {10.1007/978-3-540-76298-0\_16},
file = {:home/jarvis/.local/share/data/Mendeley Ltd./Mendeley Desktop/Downloaded/Harth et al. - 2007 - YARS2 A federated repository for querying graph structured data from the Web.pdf:pdf},
isbn = {3540762973},
issn = {03029743},
journal = {Lecture Notes in Computer Science (including subseries Lecture Notes in Artificial Intelligence and Lecture Notes in Bioinformatics)},
pages = {211--224},
title = {{YARS2: A federated repository for querying graph structured data from the Web}},
volume = {4825 LNCS},
year = {2007}
}



@article{Oren,
author = {Oren, Eyal and Delbru, Renaud and Catasta, Michele and Cyganiak, Richard},
file = {:home/jarvis/.local/share/data/Mendeley Ltd./Mendeley Desktop/Downloaded/Oren et al. - Unknown - Sindice . com A Document-oriented Lookup Index for Open Linked Data.pdf:pdf},
title = {{Sindice . com : A Document-oriented Lookup Index for Open Linked Data}}
}

@article{Shekarpour2014,
author = {Shekarpour, Saeedeh and Marx, Edgard and Ngomo, Axel-cyrille Ngonga},
file = {:home/jarvis/.local/share/data/Mendeley Ltd./Mendeley Desktop/Downloaded/Shekarpour, Marx, Ngomo - 2014 - SINA Semantic Interpretation of User Queries for Question Answering on Interlinked Data.pdf:pdf},
keywords = {hidden markov model,keyword search,linked data,question answering,rdf,sparql},
title = {{SINA : Semantic Interpretation of User Queries for Question Answering on Interlinked Data}},
year = {2014}
}

@article{Usbeck,
abstract = {The decentral architecture behind the Web has led to pieces of in-formation being distributed across data sources with varying structure. Hence, answering complex questions often required combining information from struc-tured and unstructured data sources. We present HAWK, a novel entity search approach for Hybrid Question Answering based on combining Linked Data and textual data. The approach uses predicate-argument representations of questions to derive equivalent combinations of SPARQL query fragments and text queries. These are executed so as to integrate the results of the text queries into SPARQL and thus generate a formal interpretation of the query. We present a thorough evaluation of the framework, including an analysis of the influence of entity an-notation tools on the generation process of the hybrid queries and a study of the overall accuracy of the system. Our results show that HAWK achieves 0.68 respectively 0.61 F-measure within the training respectively test phases on the Question Answering over Linked Data (QALD-4) hybrid query benchmark.},
author = {Usbeck, Ricardo and {Ngonga Ngomo}, Axel-Cyrille and B\"{u}hmann, Lorenz and Unger, Christina},
file = {:home/jarvis/.local/share/data/Mendeley Ltd./Mendeley Desktop/Downloaded/Usbeck et al. - Unknown - HAWK – Hybrid Question Answering using Linked Data.pdf:pdf},
title = {{HAWK – Hybrid Question Answering using Linked Data}}
}


@inproceedings{Unger:2012:TQA:2187836.2187923,
 author = {Unger, Christina and B\"{u}hmann, Lorenz and Lehmann, Jens and Ngonga Ngomo, Axel-Cyrille and Gerber, Daniel and Cimiano, Philipp},
 title = {Template-based Question Answering over RDF Data},
 booktitle = {Proceedings of the 21st International Conference on World Wide Web},
 series = {WWW '12},
 year = {2012},
 isbn = {978-1-4503-1229-5},
 location = {Lyon, France},
 pages = {639--648},
 numpages = {10},
 url = {http://doi.acm.org/10.1145/2187836.2187923},
 doi = {10.1145/2187836.2187923},
 acmid = {2187923},
 publisher = {ACM},
 address = {New York, NY, USA},
 keywords = {SPARQL, natural language patterns, question answering, semantic web},
} 

@incollection{pythia,  title={Pythia: Compositional meaning construction for ontology-based question answering on the semantic web},  author={Unger, Christina and Cimiano, Philipp},  booktitle={Natural Language Processing and Information Systems},  pages={153--160},  year={2011},  publisher={Springer}},

@article{kolomiyets2011survey,
  title={A survey on question answering technology from an information retrieval perspective},
  author={Kolomiyets, Oleksandr and Moens, Marie-Francine},
  journal={Information Sciences},
  volume={181},
  number={24},
  pages={5412--5434},
  year={2011},
  publisher={Elsevier}
}

@article{lopez2011question,
  title={Is question answering fit for the semantic web? a survey},
  author={Lopez, Vanessa and Uren, Victoria and Sabou, Marta and Motta, Enrico},
  journal={Semantic Web},
  volume={2},
  number={2},
  pages={125--155},
  year={2011}
}


@inproceedings{schlaefer2007semantic,
  title={Semantic Extensions of the Ephyra QA System for TREC 2007.},
  author={Schlaefer, Nico and Ko, Jeongwoo and Betteridge, Justin and Pathak, Manas A and Nyberg, Eric and Sautter, Guido},
  booktitle={TREC},
  year={2007}
}

@inproceedings{lopez2009cross,
  title={Cross ontology query answering on the semantic web: an initial evaluation},
  author={Lopez, Vanessa and Uren, Victoria and Sabou, Marta Reka and Motta, Enrico},
  booktitle={Proceedings of the fifth international conference on Knowledge capture},
  pages={17--24},
  year={2009},
  organization={ACM}
}


@incollection{lopez2005aqualog,
  title={Aqualog: An ontology-portable question answering system for the semantic web},
  author={Lopez, Vanessa and Pasin, Michele and Motta, Enrico},
  booktitle={The Semantic Web: Research and Applications},
  pages={546--562},
  year={2005},
  publisher={Springer}
}

@article{tummarello2010sig,
  title={Sig. ma: Live views on the Web of Data},
  author={Tummarello, Giovanni and Cyganiak, Richard and Catasta, Michele and Danielczyk, Szymon and Delbru, Renaud and Decker, Stefan},
  journal={Web Semantics: Science, Services and Agents on the World Wide Web},
  volume={8},
  number={4},
  pages={355--364},
  year={2010},
  publisher={Elsevier}
}



@article{Yang2014,
abstract = {As the scale of available on-line data grows ever larger, individuals and businesses must cope with increasing complexity in decision-making processes which utilize large volumes of unstructured, semi-structured and/or structured data to satisfy multiple, interrelated information needs which contribute to an overall decision. Traditional decision support systems (DSSs) have been developed to address this need, but such systems are typically expensive to build, and are purpose-built for a particular decision-making scenario, making them difficult to extend or adapt to new decision scenarios. In this paper, we propose a novel decision representation which allows decision makers to formulate and organize natural language questions or assertions into an analytic hierarchy, which can be evaluated as part of an ad hoc decision process or as a documented, repeatable analytic process. We then introduce a new decision support framework, QUADS, which takes advantage of automatic question answering (QA) technologies to automatically understand and process a decision representation, producing a final decision by gathering and weighting answers to individual questions using a Bayesian learning and inference process. An open source framework implementation is presented and applied to two real world applications: target validation, a fundamental decision-making task for the pharmaceutical industry, and product recommendation from review texts, an everyday decision-making situation faced by on-line consumers. In both applications, we implemented and compared a number of decision synthesis algorithms, and present experimental results which demonstrate the performance of the QUADS approach versus other baseline approaches.},
author = {Yang, Zi and Li, Ying and Cai, James and {Eric Nyberg}},
doi = {10.1145/2600428.2609606},
file = {:home/jarvis/.local/share/data/Mendeley Ltd./Mendeley Desktop/Downloaded/Yang et al. - 2014 - QUADS Question Answering for Decision Support.pdf:pdf},
isbn = {9781450322577},
journal = {Proc. SIGIR 2014},
keywords = {decision support,product,question answering,target validation},
pages = {375--384},
title = {{QUADS : Question Answering for Decision Support}},
year = {2014}
}


@article{Kim2001,
author = {Kim, H. and Kim, Kyungsun and Lee, G.G. and Seo, Jungyun},
file = {:home/jarvis/.local/share/data/Mendeley Ltd./Mendeley Desktop/Downloaded/Kim et al. - 2001 - MAYA A fast question-answering system based on a predictive answer indexer.pdf:pdf},
journal = {Proceedings of the workshop on Open-domain question answering-Volume 12},
pages = {8},
title = {{MAYA: A fast question-answering system based on a predictive answer indexer}},
url = {http://portal.acm.org/citation.cfm?id=1117856.1117858},
year = {2001}
}


@article{Bast2007,
abstract = {We present ESTER, a modular and highly efficient system for combined full-text and ontology search. ESTER builds on a query engine that supports two basic operations: prefix search and join. Both of these can be implemented very efficiently with a compact index, yet in combination provide powerful querying capabilities. We show how ESTER can answer basic SPARQL graphpattern queries on the ontology by reducing them to a small number of these two basic operations. ESTER further supports a natural blend of such semantic queries with ordinary full-text queries. Moreover, the prefix search operation allows for a fully interactive and proactive user interface, which after every keystroke suggests to the user possible semantic interpretations of his or her query, and speculatively executes the most likely of these interpretations. As a proof of concept, we applied ESTER to the English Wikipedia, which contains about 3 million documents, combined with the recent YAGO ontology, which contains about 2.5 million facts. For a variety of complex queries, ESTER achieves worst-case query processing times of a fraction of a second, on a single machine, with an index size of about 4 GB.},
author = {Bast, Holger and Chitea, Alexandru and Suchanek, Fabian M and Weber, Ingmar},
doi = {10.1145/1277741.1277856},
file = {:home/jarvis/.local/share/data/Mendeley Ltd./Mendeley Desktop/Downloaded/Bast et al. - 2007 - ESTER Efficient Search on Text , Entities , and Relations.pdf:pdf},
isbn = {9781595935977},
journal = {Search},
keywords = {building,entity recognition,index,interactive,ontologies,proactive,semantic search,wikipedia},
number = {2},
pages = {671--678},
title = {{ESTER : Efficient Search on Text , Entities , and Relations}},
url = {http://dblp.uni-trier.de/db/conf/sigir/sigir2007.html\#BastCSW07},
year = {2007}
}

@article{Jitkrittum2009,
author = {Jitkrittum, Wittawat and Haruechaiyasak, Choochart and Theeramunkong, Thanaruk},
file = {:home/jarvis/.local/share/data/Mendeley Ltd./Mendeley Desktop/Downloaded/Jitkrittum, Haruechaiyasak, Theeramunkong - 2009 - QAST Question Answering System for Thai Wikipedia.pdf:pdf},
isbn = {978-1-932432-50-3},
journal = {Knowledge Creation Diffusion Utilization},
number = {August},
pages = {11--14},
title = {{QAST : Question Answering System for Thai Wikipedia}},
year = {2009}
}


@article{BenAbacha2015,
author = {{Ben Abacha}, Asma and Zweigenbaum, Pierre},
doi = {10.1016/j.ipm.2015.04.006},
file = {:home/jarvis/.local/share/data/Mendeley Ltd./Mendeley Desktop/Downloaded/Ben Abacha, Zweigenbaum - 2015 - MEANS A medical question-answering system combining NLP techniques and semantic Web technologies.pdf:pdf},
issn = {03064573},
journal = {Information Processing \& Management},
number = {5},
pages = {570--594},
publisher = {Elsevier Ltd},
title = {{MEANS: A medical question-answering system combining NLP techniques and semantic Web technologies}},
url = {http://linkinghub.elsevier.com/retrieve/pii/S0306457315000515},
volume = {51},
year = {2015}
}


@article{kalyanpur2012structured,
  title={Structured data and inference in DeepQA},
  author={Kalyanpur, Aditya and Boguraev, Branimir K and Patwardhan, Siddharth and Murdock, J William and Lally, Adam and Welty, Chris and Prager, John M and Coppola, Bonaventura and Fokoue-Nkoutche, Achille and Zhang, Lei and others},
  journal={IBM Journal of Research and Development},
  volume={56},
  number={3.4},
  pages={10--1},
  year={2012},
  publisher={IBM}
}


@article{ferrucci2010building,
  title={Building Watson: An overview of the DeepQA project},
  author={Ferrucci, David and Brown, Eric and Chu-Carroll, Jennifer and Fan, James and Gondek, David and Kalyanpur, Aditya A and Lally, Adam and Murdock, J William and Nyberg, Eric and Prager, John and others},
  journal={AI magazine},
  volume={31},
  number={3},
  pages={59--79},
  year={2010}
}

@inproceedings{cai2013large,
	Author = {Cai, Qingqing and Yates, Alexander},
	Booktitle = {ACL (1)},
	Date-Added = {2015-09-16 08:03:57 +0000},
	Date-Modified = {2015-09-16 08:04:52 +0000},
	Organization = {Citeseer},
	Pages = {423--433},
	Title = {Large-scale Semantic Parsing via Schema Matching and Lexicon Extension.},
	Year = {2013},
}

@inproceedings{zou2014natural,
	Annote = {gAnswer},
	Author = {Zou, Lei and Huang, Ruizhe and Wang, Haixun and Yu, Jeffer Xu and He, Wenqiang and Zhao, Dongyan},
	Booktitle = {Proceedings of the 2014 ACM SIGMOD international conference on Management of data},
	Date-Added = {2015-07-10 13:13:39 +0000},
	Date-Modified = {2015-09-29 09:26:41 +0000},
	Organization = {ACM},
	Pages = {313--324},
	Title = {Natural language question answering over RDF: a graph data driven approach},
	Year = {2014}
}

@inproceedings{DBLP:conf/semweb/UsbeckNRGCAB14,
  author    = {Ricardo Usbeck and
               Axel{-}Cyrille Ngonga Ngomo and
               Michael R{\"{o}}der and
               Daniel Gerber and
               Sandro Athaide Coelho and
               S{\"{o}}ren Auer and
               Andreas Both},
  title     = {{AGDISTIS} - Graph-Based Disambiguation of Named Entities Using Linked
               Data},
  booktitle = {The Semantic Web - {ISWC} 2014 - 13th Int. Semantic Web Conference,
               Riva del Garda, Italy. Proceedings, Part {I}},
  pages     = {457--471},
  year      = {2014},
  crossref  = {DBLP:conf/semweb/2014-1},
  url       = {http://dx.doi.org/10.1007/978-3-319-11964-9_29},
  doi       = {10.1007/978-3-319-11964-9_29},
  timestamp = {Fri, 10 Oct 2014 14:01:06 +0200},
  biburl    = {http://dblp.uni-trier.de/rec/bib/conf/semweb/UsbeckNRGCAB14},
  bibsource = {dblp computer science bibliography, http://dblp.org}
}

@inproceedings{DBLP:conf/www/SuchanekKW07,
  author    = {Fabian M. Suchanek and
               Gjergji Kasneci and
               Gerhard Weikum},
  title     = {Yago: a core of semantic knowledge},
  booktitle = {Proceedings of the 16th International Conference on World Wide Web,
               {WWW} 2007, Banff, Alberta, Canada, May 8-12, 2007},
  pages     = {697--706},
  year      = {2007},
  crossref  = {DBLP:conf/www/2007},
  url       = {http://doi.acm.org/10.1145/1242572.1242667},
  doi       = {10.1145/1242572.1242667},
  timestamp = {Wed, 22 Aug 2007 09:51:15 +0200},
  biburl    = {http://dblp.uni-trier.de/rec/bib/conf/www/SuchanekKW07},
  bibsource = {dblp computer science bibliography, http://dblp.org}
}

@article{yosef2011aida,
	Author = {Yosef, Mohamed Amir and Hoffart, Johannes and Bordino, Ilaria and Spaniol, Marc and Weikum, Gerhard},
	Date-Added = {2015-10-19 08:24:42 +0000},
	Date-Modified = {2015-10-19 08:25:39 +0000},
	Journal = {Proceedings of the VLDB Endowment},
	Number = {12},
	Pages = {1450--1453},
	Title = {Aida: An online tool for accurate disambiguation of named entities in text and tables},
	Volume = {4},
	Year = {2011}}

@inproceedings{DBLP:conf/acl/FinkelGM05,
  author    = {Jenny Rose Finkel and
               Trond Grenager and
               Christopher D. Manning},
  title     = {Incorporating Non-local Information into Information Extraction Systems
               by Gibbs Sampling},
  booktitle = {{ACL} 2005, 43rd Annual Meeting of the Association for Computational
               Linguistics, Proceedings of the Conference, 25-30 June 2005, University
               of Michigan, {USA}},
  year      = {2005},
  crossref  = {DBLP:conf/acl/2005},
  url       = {http://acl.ldc.upenn.edu/P/P05/P05-1045.pdf},
  timestamp = {Fri, 02 Dec 2011 14:17:37 +0100},
  biburl    = {http://dblp.uni-trier.de/rec/bib/conf/acl/FinkelGM05},
  bibsource = {dblp computer science bibliography, http://dblp.org}
}

@inproceedings{DBLP:conf/i-semantics/MendesJGB11,
  author    = {Pablo N. Mendes and
               Max Jakob and
               Andr{\'{e}}s Garc{\'{\i}}a{-}Silva and
               Christian Bizer},
  title     = {DBpedia spotlight: shedding light on the web of documents},
  booktitle = {Proceedings the 7th Int. Conf. on Semantic Systems,
               {I-SEMANTICS} 2011, Graz, Austria},
  pages     = {1--8},
  year      = {2011},
  crossref  = {DBLP:conf/i-semantics/2011},
  url       = {http://doi.acm.org/10.1145/2063518.2063519},
  doi       = {10.1145/2063518.2063519},
  timestamp = {Sun, 20 Nov 2011 19:41:17 +0100},
  biburl    = {http://dblp.uni-trier.de/rec/bib/conf/i-semantics/MendesJGB11},
  bibsource = {dblp computer science bibliography, http://dblp.org}
}

@inproceedings{DBLP:conf/i-semantics/MarxUNHLA14,
  author    = {Edgard Marx and
               Ricardo Usbeck and
               Axel{-}Cyrille Ngonga Ngomo and
               Konrad H{\"{o}}ffner and
               Jens Lehmann and
               S{\"{o}}ren Auer},
  title     = {Towards an open question answering architecture},
  booktitle = {Proceedings of the 10th Int. Conf. on Semantic Systems,
               {SEMANTiCS} 2014, Leipzig, Germany},
  pages     = {57--60},
  year      = {2014},
  crossref  = {DBLP:conf/i-semantics/2014},
  url       = {http://doi.acm.org/10.1145/2660517.2660519},
  doi       = {10.1145/2660517.2660519},
  timestamp = {Thu, 06 Nov 2014 20:40:23 +0100},
  biburl    = {http://dblp.uni-trier.de/rec/bib/conf/i-semantics/MarxUNHLA14},
  bibsource = {dblp computer science bibliography, http://dblp.org}
}

@article{DBLP:journals/ws/FerrandezSKDFNITONMG11,
  author    = {{\'{O}}scar Ferr{\'{a}}ndez and
               Christian Spurk and
               Milen Kouylekov and
               Iustin Dornescu and
               Sergio Ferr{\'{a}}ndez and
               Matteo Negri and
               Rub{\'{e}}n Izquierdo and
               David Tom{\'{a}}s and
               Constantin Orasan and
               Guenter Neumann and
               Bernardo Magnini and
               Jos{\'{e}} Luis Vicedo Gonz{\'{a}}lez},
  title     = {The {QALL-ME} Framework: {A} specifiable-domain multilingual Question
               Answering architecture},
  journal   = {J. Web Sem.},
  volume    = {9},
  number    = {2},
  pages     = {137--145},
  year      = {2011},
  url       = {http://dx.doi.org/10.1016/j.websem.2011.01.002},
  doi       = {10.1016/j.websem.2011.01.002},
  timestamp = {Thu, 11 Aug 2011 15:00:16 +0200},
  biburl    = {http://dblp.uni-trier.de/rec/bib/journals/ws/FerrandezSKDFNITONMG11},
  bibsource = {dblp computer science bibliography, http://dblp.org}
}


@inproceedings{SearchOntology2014,
  author    = {Alexandr Uciteli and
               Christoph Goller and
               Patryk Burek and
               Sebastian Siemoleit and
               Breno Faria and
               Halyna Galanzina and
               Timo Weiland and
               Doreen Drechsler{-}Hake and
               Wolfram Bartussek and
               Heinrich Herre},
  title     = {Search Ontology, a new approach towards Semantic Search},
  booktitle = {Workshop on Future Search Engines at 44. Jahrestagung der Gesellschaft f{\"{u}}r Informatik, Informatik
               2014, Stuttgart, Deutschland},
  pages     = {667--672},
  year      = {2014},
  crossref  = {DBLP:conf/gi/2014},
  url       = {http://subs.emis.de/LNI/Proceedings/Proceedings232/article194.html},
  timestamp = {Mon, 05 Jan 2015 16:52:10 +0100},
  biburl    = {http://dblp.uni-trier.de/rec/bib/conf/gi/UciteliGBSFGWDBH14},
  bibsource = {dblp computer science bibliography, http://dblp.org}
}

@inproceedings{DBLP:conf/coling/HarabagiuMP02,
  author    = {Sanda M. Harabagiu and
               Dan I. Moldovan and
               Joe Picone},
  title     = {Open-Domain Voice-Activated Question Answering},
  booktitle = {19th International Conference on Computational Linguistics, {COLING}
               2002, Howard International House and Academia Sinica, Taipei, Taiwan},
  year      = {2002},
  crossref  = {DBLP:conf/coling/2002},
  url       = {http://aclweb.org/anthology/C02-1169},
  timestamp = {Wed, 06 Mar 2013 17:08:56 +0100},
  biburl    = {http://dblp.uni-trier.de/rec/bib/conf/coling/HarabagiuMP02},
  bibsource = {dblp computer science bibliography, http://dblp.org}
}

@article{DBLP:journals/ijmso/OrenDCCST08,
  author    = {Eyal Oren and
               Renaud Delbru and
               Michele Catasta and
               Richard Cyganiak and
               Holger Stenzhorn and
               Giovanni Tummarello},
  title     = {Sindice.com: a document-oriented lookup index for open linked data},
  journal   = {{IJMSO}},
  volume    = {3},
  number    = {1},
  pages     = {37--52},
  year      = {2008},
  url       = {http://dx.doi.org/10.1504/IJMSO.2008.021204},
  doi       = {10.1504/IJMSO.2008.021204},
  timestamp = {Thu, 13 Nov 2008 08:06:40 +0100},
  biburl    = {http://dblp.uni-trier.de/rec/bib/journals/ijmso/OrenDCCST08},
  bibsource = {dblp computer science bibliography, http://dblp.org}
}

@inproceedings{DBLP:conf/cikm/DingFJPCPRDS04,
  author    = {Li Ding and
               Timothy W. Finin and
               Anupam Joshi and
               Rong Pan and
               R. Scott Cost and
               Yun Peng and
               Pavan Reddivari and
               Vishal Doshi and
               Joel Sachs},
  title     = {Swoogle: a search and metadata engine for the semantic web},
  booktitle = {Proceedings of the 2004 {ACM} {CIKM} International Conference on Information
               and Knowledge Management, Washington, DC, USA},
  pages     = {652--659},
  year      = {2004},
  crossref  = {DBLP:conf/cikm/2004},
  url       = {http://doi.acm.org/10.1145/1031171.1031289},
  doi       = {10.1145/1031171.1031289},
  timestamp = {Fri, 28 Nov 2008 17:54:40 +0100},
  biburl    = {http://dblp.uni-trier.de/rec/bib/conf/cikm/DingFJPCPRDS04},
  bibsource = {dblp computer science bibliography, http://dblp.org}
}

@inproceedings{DBLP:conf/emnlp/MoschittiCPFR11,
  author    = {Alessandro Moschitti and
               Jennifer Chu{-}Carroll and
               Siddharth Patwardhan and
               James Fan and
               Giuseppe Riccardi},
  title     = {Using Syntactic and Semantic Structural Kernels for Classifying Definition
               Questions in Jeopardy!},
  booktitle = {Proceedings of the 2011 Conference on Empirical Methods in Natural
               Language Processing, {EMNLP} 2011, 27-31 July 2011, John McIntyre
               Conference Centre, Edinburgh, UK, {A} meeting of SIGDAT, a Special
               Interest Group of the {ACL}},
  pages     = {712--724},
  year      = {2011},
  crossref  = {DBLP:conf/emnlp/2011},
  url       = {http://www.aclweb.org/anthology/D11-1066},
  timestamp = {Mon, 21 Nov 2011 13:29:41 +0100},
  biburl    = {http://dblp.uni-trier.de/rec/bib/conf/emnlp/MoschittiCPFR11},
  bibsource = {dblp computer science bibliography, http://dblp.org}
}


@article{lopez2011question,
  title={Is question answering fit for the semantic web? a survey},
  author={Lopez, Vanessa and Uren, Victoria and Sabou, Marta and Motta, Enrico},
  journal={Semantic Web},
  volume={2},
  number={2},
  pages={125--155},
  year={2011}
}


@inproceedings{DBLP:conf/www/UngerBLNGC12,
  author    = {Christina Unger and
               Lorenz B{\"{u}}hmann and
               Jens Lehmann and
               Axel{-}Cyrille Ngonga Ngomo and
               Daniel Gerber and
               Philipp Cimiano},
  title     = {Template-based question answering over {RDF} data},
  booktitle = {Proceedings of the 21st World Wide Web Conference 2012, {WWW} 2012,
               Lyon, France},
  pages     = {639--648},
  year      = {2012},
  crossref  = {DBLP:conf/www/2012},
  url       = {http://doi.acm.org/10.1145/2187836.2187923},
  doi       = {10.1145/2187836.2187923},
  timestamp = {Thu, 19 Apr 2012 14:50:34 +0200},
  biburl    = {http://dblp.uni-trier.de/rec/bib/conf/www/UngerBLNGC12},
  bibsource = {dblp computer science bibliography, http://dblp.org}
}


@article{DBLP:journals/ws/ShekarpourMNA15,
  author    = {Saeedeh Shekarpour and
               Edgard Marx and
               Axel{-}Cyrille Ngonga Ngomo and
               S{\"{o}}ren Auer},
  title     = {{SINA:} Semantic interpretation of user queries for question answering
               on interlinked data},
  journal   = {J. Web Sem.},
  volume    = {30},
  pages     = {39--51},
  year      = {2015},
  url       = {http://dx.doi.org/10.1016/j.websem.2014.06.002},
  doi       = {10.1016/j.websem.2014.06.002},
  timestamp = {Tue, 04 Aug 2015 13:40:47 +0200},
  biburl    = {http://dblp.uni-trier.de/rec/bib/journals/ws/ShekarpourMNA15},
  bibsource = {dblp computer science bibliography, http://dblp.org}
}

@article{lopez2011poweraqua,
  title={Poweraqua: Supporting users in querying and exploring the semantic web},
  author={Lopez, Vanessa and Fern{\'a}ndez, Miriam and Motta, Enrico and Stieler, Nico},
  journal={Semantic Web},
  volume={3},
  number={3},
  pages={249--265},
  year={2011}
}

@inproceedings{DBLP:conf/www/SunMYTLC15,
  author    = {Huan Sun and
               Hao Ma and
               Wen{-}tau Yih and
               Chen{-}Tse Tsai and
               Jingjing Liu and
               Ming{-}Wei Chang},
  title     = {Open Domain Question Answering via Semantic Enrichment},
  booktitle = {Proceedings of the 24th International Conference on World Wide Web,
               {WWW} 2015, Florence, Italy},
  pages     = {1045--1055},
  year      = {2015},
  crossref  = {DBLP:conf/www/2015},
  url       = {http://doi.acm.org/10.1145/2736277.2741651},
  doi       = {10.1145/2736277.2741651},
  timestamp = {Mon, 25 May 2015 17:32:51 +0200},
  biburl    = {http://dblp.uni-trier.de/rec/bib/conf/www/SunMYTLC15},
  bibsource = {dblp computer science bibliography, http://dblp.org}
}


@inproceedings{DBLP:conf/www/SunMYTLC15,
  author    = {Huan Sun and
               Hao Ma and
               Wen{-}tau Yih and
               Chen{-}Tse Tsai and
               Jingjing Liu and
               Ming{-}Wei Chang},
  title     = {Open Domain Question Answering via Semantic Enrichment},
  booktitle = {Proceedings of the 24th International Conference on World Wide Web,
               {WWW} 2015, Florence, Italy},
  pages     = {1045--1055},
  year      = {2015},
  crossref  = {DBLP:conf/www/2015},
  url       = {http://doi.acm.org/10.1145/2736277.2741651},
  doi       = {10.1145/2736277.2741651},
  timestamp = {Mon, 25 May 2015 17:32:51 +0200},
  biburl    = {http://dblp.uni-trier.de/rec/bib/conf/www/SunMYTLC15},
  bibsource = {dblp computer science bibliography, http://dblp.org}
}


@inproceedings{DBLP:conf/semweb/AuerBKLCI07,
  author    = {S{\"{o}}ren Auer and
               Christian Bizer and
               Georgi Kobilarov and
               Jens Lehmann and
               Richard Cyganiak and
               Zachary G. Ives},
  title     = {DBpedia: {A} Nucleus for a Web of Open Data},
  booktitle = {The Semantic Web, 6th International Semantic Web Conference, 2nd Asian
               Semantic Web Conference, {ISWC} 2007 + {ASWC} 2007, Busan, Korea,
               November 11-15, 2007.},
  pages     = {722--735},
  year      = {2007},
  crossref  = {DBLP:conf/semweb/2007},
  url       = {http://dx.doi.org/10.1007/978-3-540-76298-0_52},
  doi       = {10.1007/978-3-540-76298-0_52},
  timestamp = {Mon, 29 Oct 2007 12:51:15 +0100},
  biburl    = {http://dblp.uni-trier.de/rec/bib/conf/semweb/AuerBKLCI07},
  bibsource = {dblp computer science bibliography, http://dblp.org}
}

@inproceedings{DBLP:conf/aaai/BollackerCT07,
  author    = {Kurt D. Bollacker and
               Robert P. Cook and
               Patrick Tufts},
  title     = {Freebase: {A} Shared Database of Structured General Human Knowledge},
  booktitle = {Proceedings of the Twenty-Second {AAAI} Conference on Artificial Intelligence,
               July 22-26, 2007, Vancouver, British Columbia, Canada},
  pages     = {1962--1963},
  year      = {2007},
  crossref  = {DBLP:conf/aaai/2007},
  url       = {http://www.aaai.org/Library/AAAI/2007/aaai07-355.php},
  timestamp = {Mon, 10 Dec 2012 15:34:43 +0100},
  biburl    = {http://dblp.uni-trier.de/rec/bib/conf/aaai/BollackerCT07},
  bibsource = {dblp computer science bibliography, http://dblp.org}
}

@inproceedings{DBLP:conf/ihi/AbachaZ12,
  author    = {Asma Ben Abacha and
               Pierre Zweigenbaum},
  title     = {Medical question answering: translating medical questions into sparql
               queries},
  booktitle = {{ACM} International Health Informatics Symposium, {IHI} '12, Miami,
               FL, USA, January 28-30, 2012},
  pages     = {41--50},
  year      = {2012},
  crossref  = {DBLP:conf/ihi/2012},
  url       = {http://doi.acm.org/10.1145/2110363.2110372},
  doi       = {10.1145/2110363.2110372},
  timestamp = {Thu, 22 Mar 2012 21:21:13 +0100},
  biburl    = {http://dblp.uni-trier.de/rec/bib/conf/ihi/AbachaZ12},
  bibsource = {dblp computer science bibliography, http://dblp.org}
}

@article{androutsopoulos1995natural,
  title={Natural language interfaces to databases--an introduction},
  author={Androutsopoulos, Ion and Ritchie, Graeme D and Thanisch, Peter},
  journal={Natural language engineering},
  volume={1},
  number={01},
  pages={29--81},
  year={1995},
  publisher={Cambridge Univ Press}
}

@article{lopez2007poweraqua,
	Author = {Lopez, Vanessa and Motta, Enrico and Sabou, Marta and Fernandez, Miriam},
	Date-Added = {2015-07-21 15:54:20 +0000},
	Date-Modified = {2015-07-21 15:54:20 +0000},
	Journal = {OpenKnowledge Deliverable D8. 4 Pp1},
	Title = {PowerAqua: A Multi-Ontology Based Question Answering System--v1},
	Volume = {14},
	Year = {2007},
}

@inproceedings{berant2013semantic,
	Author = {Berant, Jonathan and Chou, Andrew and Frostig, Roy and Liang, Percy},
	Booktitle = {EMNLP},
	Date-Added = {2015-07-24 10:46:06 +0000},
	Date-Modified = {2015-07-24 10:46:06 +0000},
	Pages = {1533--1544},
	Title = {Semantic Parsing on Freebase from Question-Answer Pairs.},
	Year = {2013}
}

@article{he2014casia,
	Author = {He, Shizhu and Zhang, Yuanzhe and Liu, Kang and Zhao, Jun},
	Date-Added = {2015-07-20 12:49:51 +0000},
	Date-Modified = {2015-07-20 12:49:51 +0000},
	Journal = {Proc. of QALD-4},
	Title = {CASIA@ V2: A MLN-based Question Answering System over Linked Data},
	Year = {2014}
}

@inproceedings{hofig2014hashing,
  title={Hashing of rdf graphs and a solution to the blank node problem},
  author={H{\"o}fig, Edzard and Schieferdecker, Ina},
  booktitle={10th International Workshop on Uncertainty Reasoning for the Semantic Web (URSW 2014)},
  pages={55},
  year={2014}
}


@inproceedings{ceolin2014towards,
  title={Towards the definition of an ontology for trust in (web) data},
  author={Ceolin, Davide and Nottamkandath, Archana and Fokkink, Wan and Maccatrozzo, Valentina},
  booktitle={10th International Workshop on Uncertainty Reasoning for the Semantic Web (URSW 2014)},
  pages={73},
  year={2014}
}

@article{sabater2005review,
  title={Review on computational trust and reputation models},
  author={Sabater, Jordi and Sierra, Carles},
  journal={Artificial intelligence review},
  volume={24},
  number={1},
  pages={33--60},
  year={2005},
  publisher={Springer}
}

@article{artz2007survey,
  title={A survey of trust in computer science and the semantic web},
  author={Artz, Donovan and Gil, Yolanda},
  journal={Web Semantics: Science, Services and Agents on the World Wide Web},
  volume={5},
  number={2},
  pages={58--71},
  year={2007},
  publisher={Elsevier}
}

@article{golbeck2006trust,
  title={Trust on the world wide web: a survey},
  author={Golbeck, Jennifer},
  journal={Foundations and Trends in Web Science},
  volume={1},
  number={2},
  pages={131--197},
  year={2006},
  publisher={Now Publishers Inc.}
}

@article{pinyol2013computational,
  title={Computational trust and reputation models for open multi-agent systems: a review},
  author={Pinyol, Isaac and Sabater-Mir, Jordi},
  journal={Artificial Intelligence Review},
  volume={40},
  number={1},
  pages={1--25},
  year={2013},
  publisher={Springer}
}

@inproceedings{alnemr2010enabling,
  title={Enabling reputation interoperability through semantic technologies},
  author={Alnemr, Rehab and Paschke, Adrian and Meinel, Christoph},
  booktitle={Proceedings of the 6th International Conference on Semantic Systems},
  pages={13},
  year={2010},
  organization={ACM}
}

@article{heath2008hoonoh,
  title={The hoonoh ontology for describing trust relationships in information seeking},
  author={Heath, Tom and Motta, Enrico},
  journal={Personal Identification and Collaborations: Knowledge Mediation and Extraction (PICKME2008)},
  year={2008}
}

@inproceedings{sherchan2010trust,
  title={A trust ontology for semantic services},
  author={Sherchan, Wanita and Nepal, Surya and Hunklinger, Jonathon and Bouguettaya, Athman},
  booktitle={2010 IEEE International Conference on Services Computing},
  pages={313--320},
  year={2010},
  organization={IEEE}
}

@book{golbeck2003trust,
  title={Trust networks on the semantic web},
  author={Golbeck, Jennifer and Parsia, Bijan and Hendler, James},
  year={2003},
  publisher={Springer}
}

@inproceedings{casare2005towards,
  title={Towards a functional ontology of reputation},
  author={Casare, Sara and Sichman, Jaime},
  booktitle={Proceedings of the fourth international joint conference on Autonomous agents and multiagent systems},
  pages={505--511},
  year={2005},
  organization={ACM}
}

@article{page1999pagerank,
  title={The PageRank citation ranking: bringing order to the Web.},
  author={Page, Lawrence and Brin, Sergey and Motwani, Rajeev and Winograd, Terry},
  year={1999},
  publisher={Stanford InfoLab}
}

@article{kleinberg1999authoritative,
  title={Authoritative sources in a hyperlinked environment},
  author={Kleinberg, Jon M},
  journal={Journal of the ACM (JACM)},
  volume={46},
  number={5},
  pages={604--632},
  year={1999},
  publisher={ACM}
}

@incollection{richardson2003trust,
  title={Trust management for the semantic web},
  author={Richardson, Matthew and Agrawal, Rakesh and Domingos, Pedro},
  booktitle={The Semantic Web-ISWC 2003},
  pages={351--368},
  year={2003},
  publisher={Springer}
}

@incollection{golbeck2004accuracy,
  title={Accuracy of metrics for inferring trust and reputation in semantic web-based social networks},
  author={Golbeck, Jennifer and Hendler, James},
  booktitle={Engineering knowledge in the age of the semantic web},
  pages={116--131},
  year={2004},
  publisher={Springer}
}

@incollection{golbeck2006combining,
  title={Combining provenance with trust in social networks for semantic web content filtering},
  author={Golbeck, Jennifer},
  booktitle={Provenance and Annotation of Data},
  pages={101--108},
  year={2006},
  publisher={Springer}
}

@inproceedings{sherwani2007voicepedia,
  title={Voicepedia: towards speech-based access to unstructured information.},
  author={Sherwani, J and Yu, Dong and Paek, Tim and Czerwinski, Mary and Ju, Yun-Cheng and Acero, Alex},
  booktitle={INTERSPEECH},
  volume={7},
  pages={146--149},
  year={2007}
}

@inproceedings{sanchis2006spoken,
  title={Spoken QA based on a passage retrieval engine},
  author={Sanchis, Emilio and Buscaldi, Davide and Grau, Sergio and Hurtado, Lluis and Griol, David},
  booktitle={Spoken Language Technology Workshop, 2006. IEEE},
  pages={62--65},
  year={2006},
  organization={IEEE}
}

@inproceedings{schofield2003speech,
  title={A speech interface for open-domain question-answering},
  author={Schofield, Edward and Zheng, Zhiping},
  booktitle={Proceedings of the 41st Annual Meeting on Association for Computational Linguistics-Volume 2},
  pages={177--180},
  year={2003},
  organization={Association for Computational Linguistics}
}

@inproceedings{whittaker2006factoid,
  title={Factoid question answering with web, mobile and speech interfaces},
  author={Whittaker, Edward WD and Mrozinski, Joanna and Furui, Sadaoki},
  booktitle={Proceedings of the 2006 Conference of the North American Chapter of the Association for Computational Linguistics on Human Language Technology: companion volume: demonstrations},
  pages={288--291},
  year={2006},
  organization={Association for Computational Linguistics}
}

@inproceedings{mishra2010qme,
  title={Qme!: A speech-based question-answering system on mobile devices},
  author={Mishra, Taniya and Bangalore, Srinivas},
  booktitle={Human Language Technologies: The 2010 Annual Conference of the North American Chapter of the Association for Computational Linguistics},
  pages={55--63},
  year={2010},
  organization={Association for Computational Linguistics}
}

@inproceedings{harabagiu2002open,
  title={Open-domain voice-activated question answering},
  author={Harabagiu, Sanda and Moldovan, Dan and Picone, Joe},
  booktitle={Proceedings of the 19th international conference on Computational linguistics-Volume 1},
  pages={1--7},
  year={2002},
  organization={Association for Computational Linguistics}
}

@inproceedings{heck2012exploiting,
  title={Exploiting the semantic web for unsupervised spoken language understanding},
  author={Heck, Larry and Hakkani-Tur, Dilek},
  booktitle={Spoken Language Technology Workshop (SLT), 2012 IEEE},
  pages={228--233},
  year={2012},
  organization={IEEE}
}

@article{tur2013techware,
  title={TechWare: Spoken Language Understanding Resources [Best of the Web]},
  author={Tur, Gokhan and Wang, Ye-Yi and Hakkani-Tur, Dilek},
  journal={Signal Processing Magazine, IEEE},
  volume={30},
  number={3},
  pages={187--189},
  year={2013},
  publisher={IEEE}
}

@book{jurafsky2008speech,
  title={Speech and language processing, 2nd edition},
  author={Jurafsky, Daniel and Martin, James H},
  year={2008},
  publisher={Prentice Hall}
}

@inproceedings{bollacker2008freebase,
  title={Freebase: a collaboratively created graph database for structuring human knowledge},
  author={Bollacker, Kurt and Evans, Colin and Paritosh, Praveen and Sturge, Tim and Taylor, Jamie},
  booktitle={Proceedings of the 2008 ACM SIGMOD international conference on Management of data},
  pages={1247--1250},
  year={2008},
  organization={ACM}
}

@article{bizer2009dbpedia,
  title={DBpedia-A crystallization point for the Web of Data},
  author={Bizer, Christian and Lehmann, Jens and Kobilarov, Georgi and Auer, S{\"o}ren and Becker, Christian and Cyganiak, Richard and Hellmann, Sebastian},
  journal={Web Semantics: science, services and agents on the world wide web},
  volume={7},
  number={3},
  pages={154--165},
  year={2009},
  publisher={Elsevier}
}

@article{maknowledge,
  title={KNOWLEDGE GRAPH INFERENCE FOR SPOKEN DIALOG SYSTEMS},
  author={Ma, Yi and Crook, Paul A and Sarikaya, Ruhi and Fosler-Lussier, Eric}
  booktitle={INTERSPEECH},
  year={2015}
}

@inproceedings{tur2012exploiting,
  title={Exploiting the Semantic Web for Unsupervised Natural Language Semantic Parsing},
  author={T{\"u}r, G{\"o}khan and Jeong, Minwoo and Wang, Ye-Yi and Hakkani-T{\"u}r, Dilek and Heck, Larry P},
  booktitle={INTERSPEECH},
  year={2012}
}

@article{VAQAreview,
  author =    { Paolo Rosso and Lluis-F. Hurtado and Encarna Segarra and Emilio Sanchis},
  title =     {On the Voice-Activated Question Answering},
  journal =   {IEEE Trans. on Systems, Man and Cybernetics-Part C: Applications and Reviews},
  volume =    {42},
  number =    {1},
  pages =     {75--85},
  year =      {Jan 2012}
}

@article{moro2014entity,
  title={Entity linking meets word sense disambiguation: a unified approach},
  author={Moro, Andrea and Raganato, Alessandro and Navigli, Roberto},
  journal={Transactions of the Association for Computational Linguistics},
  volume={2},
  pages={231--244},
  year={2014}
}

@inproceedings{usbeck2014agdistis,
  title={Agdistis-agnostic disambiguation of named entities using linked open data},
  author={Usbeck, Ricardo and Ngomo, Axel-Cyrille Ngonga and Auer, S{\"o}ren and Gerber, Daniel and Both, Andreas},
  booktitle={International Semantic Web Conference},
  pages={2},
  year={2014}
}

%%%%%%%%%%%%%%%%%%%%%%%
%Information Extraction 
%%%%%%%%%%%%%%%%%%%%%%%
@inproceedings{banko2007open,
  title={Open information extraction for the web},
  author={Banko, Michele and Cafarella, Michael J and Soderland, Stephen and Broadhead, Matthew and Etzioni, Oren},
  booktitle={IJCAI},
  volume={7},
  pages={2670--2676},
  year={2007}
}
%ollie
@inproceedings{ollie,
  title={Open language learning for information extraction},
  author={Schmitz, Michael and Bart, Robert and Soderland, Stephen and Etzioni, Oren and others},
  booktitle={Proceedings of the 2012 Joint Conference on Empirical Methods in Natural Language Processing and Computational Natural Language Learning},
  pages={523--534},
  year={2012},
  organization={Association for Computational Linguistics}
}
%o-crf
@inproceedings{ocrf,
  title={The Tradeoffs Between Open and Traditional Relation Extraction.},
  author={Banko, Michele and Etzioni, Oren and Center, Turing},
  booktitle={ACL},
  volume={8},
  pages={28--36},
  year={2008}
}

%reverb 
@inproceedings{reverb,
  title={Identifying relations for open information extraction},
  author={Fader, Anthony and Soderland, Stephen and Etzioni, Oren},
  booktitle={Proceedings of the Conference on Empirical Methods in Natural Language Processing},
  pages={1535--1545},
  year={2011},
  organization={Association for Computational Linguistics}
}

@inproceedings{treekernels,
  title={Open Information Extraction with Tree Kernels.},
  author={Xu, Ying and Kim, Mi-Young and Quinn, Kevin and Goebel, Randy and Barbosa, Denilson},
  booktitle={HLT-NAACL},
  pages={868--877},
  year={2013}
}

@article{zimmermann2012general,
  title={A general framework for representing, reasoning and querying with annotated semantic web data},
  author={Zimmermann, Antoine and Lopes, Nuno and Polleres, Axel and Straccia, Umberto},
  journal={Web Semantics: Science, Services and Agents on the World Wide Web},
  volume={11},
  pages={72--95},
  year={2012},
  publisher={Elsevier}
}

@inproceedings{treekernelsopenie,
  title={Open Information Extraction with Tree Kernels.},
  author={Xu, Ying and Kim, Mi-Young and Quinn, Kevin and Goebel, Randy and Barbosa, Denilson},
  booktitle={HLT-NAACL},
  pages={868--877},
  year={2013}
}

@book{flouris2009coloring,
  title={Coloring RDF triples to capture provenance},
  author={Flouris, Giorgos and Fundulaki, Irini and Pediaditis, Panagiotis and Theoharis, Yannis and Christophides, Vassilis},
  year={2009},
  publisher={Springer}
}

@incollection{golbeck2006combining,
  title={Combining provenance with trust in social networks for semantic web content filtering},
  author={Golbeck, Jennifer},
  booktitle={Provenance and Annotation of Data},
  pages={101--108},
  year={2006},
  publisher={Springer}
}

@inproceedings{alnemr2010enabling,
  title={Enabling reputation interoperability through semantic technologies},
  author={Alnemr, Rehab and Paschke, Adrian and Meinel, Christoph},
  booktitle={Proceedings of the 6th International Conference on Semantic Systems},
  pages={13},
  year={2010},
  organization={ACM}
}

@inproceedings{carroll2005named,
  title={Named graphs, provenance and trust},
  author={Carroll, Jeremy J and Bizer, Christian and Hayes, Pat and Stickler, Patrick},
  booktitle={Proceedings of the 14th international conference on World Wide Web},
  pages={613--622},
  year={2005},
  organization={ACM}
}

@inproceedings{ceolin2014towards,
  title={Towards the definition of an ontology for trust in (web) data},
  author={Ceolin, Davide and Nottamkandath, Archana and Fokkink, Wan and Maccatrozzo, Valentina},
  booktitle={10th International Workshop on Uncertainty Reasoning for the Semantic Web (URSW 2014)},
  pages={73},
  year={2014}
}

@incollection{halpin2014dynamic,
  title={Dynamic provenance for SPARQL updates},
  author={Halpin, Harry and Cheney, James},
  booktitle={The Semantic Web--ISWC 2014},
  pages={425--440},
  year={2014},
  publisher={Springer}
}

@inproceedings{halpin2014dynamic2,
  title={Dynamic provenance for SPARQL updates using named graphs},
  author={Halpin, Harry and Cheney, James},
  booktitle={Proceedings of the companion publication of the 23rd international conference on World wide web companion},
  pages={287--288},
  year={2014},
  organization={International World Wide Web Conferences Steering Committee}
}

% RE 
@inproceedings{hearst92,
  title={Automatic acquisition of hyponyms from large text corpora},
  author={Hearst, Marti A},
  booktitle={Proceedings of the 14th conference on Computational linguistics-Volume 2},
  pages={539--545},
  year={1992},
  organization={Association for Computational Linguistics}
}

%kernel RE
@article{kernel1,
  title={Kernel methods for relation extraction},
  author={Zelenko, Dmitry and Aone, Chinatsu and Richardella, Anthony},
  journal={The Journal of Machine Learning Research},
  volume={3},
  pages={1083--1106},
  year={2003},
  publisher={JMLR. org}
}

@inproceedings{kernel2,
  title={Dependency tree kernels for relation extraction},
  author={Culotta, Aron and Sorensen, Jeffrey},
  booktitle={Proceedings of the 42nd Annual Meeting on Association for Computational Linguistics},
  pages={423},
  year={2004},
  organization={Association for Computational Linguistics}
}


@book{wordnet,
  title={WordNet},
  author={Fellbaum, Christiane},
  year={1998},
  publisher={Wiley Online Library}
}

@article{turney2006,
  title={Similarity of semantic relations},
  author={Turney, Peter D},
  journal={Computational Linguistics},
  volume={32},
  number={3},
  pages={379--416},
  year={2006},
  publisher={MIT Press}
}

%semeval
@inproceedings{semeval2007,
  title={Semeval-2007 task 04: Classification of semantic relations between nominals},
  author={Girju, Roxana and Nakov, Preslav and Nastase, Vivi and Szpakowicz, Stan and Turney, Peter and Yuret, Deniz},
  booktitle={Proceedings of the 4th International Workshop on Semantic Evaluations},
  pages={13--18},
  year={2007},
  organization={Association for Computational Linguistics}
}
@inproceedings{semeval2010,
  title={Semeval-2010 task 8: Multi-way classification of semantic relations between pairs of nominals},
  author={Hendrickx, Iris and Kim, Su Nam and Kozareva, Zornitsa and Nakov, Preslav and {\'O} S{\'e}aghdha, Diarmuid and Pad{\'o}, Sebastian and Pennacchiotti, Marco and Romano, Lorenza and Szpakowicz, Stan},
  booktitle={Proceedings of the Workshop on Semantic Evaluations: Recent Achievements and Future Directions},
  pages={94--99},
  year={2009},
  organization={Association for Computational Linguistics}
}

@inproceedings{rink,
  title={UTD: Classifying semantic relations by combining lexical and semantic resources},
  author={Rink, Bryan and Harabagiu, Sanda},
  booktitle={Proceedings of the 5th International Workshop on Semantic Evaluation},
  pages={256--259},
  year={2010},
  organization={Association for Computational Linguistics}
}

@inproceedings{dossantos2015cnn,
  title={Classifying relations by ranking with convolutional neural networks},
  author={dos Santos, C{\i}cero Nogueira and Xiang, Bing and Zhou, Bowen},
  booktitle={Proceedings of the 53rd Annual Meeting of the Association for Computational Linguistics},
  pages={626--634},
  year={2015}
}

@inproceedings{convkernels,
  title={Convolution kernels for natural language},
  author={Collins, Michael and Duffy, Nigel},
  booktitle={Advances in neural information processing systems},
  pages={625--632},
  year={2001}
}

% slot filling 
% slot filling using RNN 
@inproceedings{atis,
  title={Evaluation of spoken language systems: The ATIS domain},
  author={Price, Patti},
  booktitle={Proceedings of the Third DARPA Speech and Natural Language Workshop},
  pages={91--95},
  year={1990},
  organization={Morgan Kaufmann}
}


@inproceedings{mesnilrnn13,
  title={Investigation of recurrent-neural-network architectures and learning methods for spoken language understanding.},
  author={Mesnil, Gr{\'e}goire and He, Xiaodong and Deng, Li and Bengio, Yoshua},
  booktitle={INTERSPEECH},
  pages={3771--3775},
  year={2013}
}

@article{mesnilrnn15,
  title={Using Recurrent Neural Networks for Slot Filling in Spoken Language Understanding},
  author={Mesnil, Gr{\'e}goire and Dauphin, Yann and Yao, Kaisheng and Bengio, Yoshua and Deng, Li and Hakkani-Tur, Dilek and He, Xiaodong and Heck, Larry and Tur, Gokhan and Yu, Dong and others},
  journal={Audio, Speech, and Language Processing, IEEE/ACM Transactions on},
  volume={23},
  number={3},
  pages={530--539},
  year={2015},
  publisher={IEEE}
}

@article{wang2005spoken,
  title={Spoken language understanding},
  author={Wang, Ye-Yi and Deng, Li and Acero, Alex},
  journal={Signal Processing Magazine, IEEE},
  volume={22},
  number={5},
  pages={16--31},
  year={2005},
  publisher={IEEE}
}

@article{wang2011semantic,
  title={Semantic Frame-Based Spoken Language Understanding},
  author={Wang, Ye-Yi and Deng, Li and Acero, Alex},
  journal={Spoken Language Understanding: Systems for Extracting Semantic Information from Speech},
  pages={41--91},
  year={2011},
  publisher={Wiley Online Library}
}

%elman RNN
@article{elmanrnn,
  title={Finding structure in time},
  author={Elman, Jeffrey L},
  journal={Cognitive science},
  volume={14},
  number={2},
  pages={179--211},
  year={1990},
  publisher={Elsevier}
}
%jordan RNN
@article{jordanrnn,
  title={Serial order: A parallel distributed processing approach},
  author={Jordan, Michael I},
  journal={Advances in psychology},
  volume={121},
  pages={471--495},
  year={1997},
  publisher={Elsevier}
}

@inproceedings{tur2010left,
  title={What is left to be understood in ATIS?},
  author={Tur, Gokhan and Hakkani-Tur, Dilek and Heck, Larry},
  booktitle={Spoken Language Technology Workshop (SLT), 2010 IEEE},
  pages={19--24},
  year={2010},
  organization={IEEE}
}

@inproceedings{templates,
  title={Template-based information extraction without the templates},
  author={Chambers, Nathanael and Jurafsky, Dan},
  booktitle={Proceedings of the 49th Annual Meeting of the Association for Computational Linguistics: Human Language Technologies-Volume 1},
  pages={976--986},
  year={2011},
  organization={Association for Computational Linguistics}
}

%%%%% SRL 
@inproceedings{framenet,
  title={The berkeley framenet project},
  author={Baker, Collin F and Fillmore, Charles J and Lowe, John B},
  booktitle={Proceedings of the 17th international conference on Computational linguistics-Volume 1},
  pages={86--90},
  year={1998},
  organization={Association for Computational Linguistics}
}
@inproceedings{propbank,
  title={From TreeBank to PropBank.},
  author={Kingsbury, Paul and Palmer, Martha},
  booktitle={LREC},
  year={2002},
  organization={Citeseer}
}

% End of Information Extraction 
%%%%%%%%%%%%%%%%%%%%%%%%%%%%%%%%%%%%%%%%%%%%%%%%%%%%%%%%%%%%%55

@inproceedings{koster2010inductively,
  title={Inductively generated trust alignments based on shared interactions},
  author={Koster, Andrew and Sabater-Mir, Jordi and Schorlemmer, Marco},
  booktitle={Proceedings of the 9th International Conference on Autonomous Agents and Multiagent Systems: volume 1-Volume 1},
  pages={1571--1572},
  year={2010},
  organization={International Foundation for Autonomous Agents and Multiagent Systems}
}


@article{hasan2012explanation,
  title={Explanation in the Semantic Web: a survey of the state of the art},
  author={Hasan, Rakebul and Gandon, Fabien},
  year={2012}
}

@inproceedings{ding2005homeland,
  title={On Homeland Security and the Semantic Web: A Provenance and Trust Aware Inference Framework.},
  author={Ding, Li and Kolari, Pranam and Finin, Tim and Joshi, Anupam and Peng, Yun and Yesha, Yelena},
  booktitle={AAAI Spring Symposium: AI Technologies for Homeland Security},
  pages={157--160},
  year={2005}
}

@incollection{erxleben2014introducing,
  title={Introducing Wikidata to the linked data web},
  author={Erxleben, Fredo and G{\"u}nther, Michael and Kr{\"o}tzsch, Markus and Mendez, Julian and Vrande{\v{c}}i{\'c}, Denny},
  booktitle={The Semantic Web--ISWC 2014},
  pages={50--65},
  year={2014},
  publisher={Springer}
}

@inproceedings{green2007provenance,
  title={Provenance semirings},
  author={Green, Todd J and Karvounarakis, Grigoris and Tannen, Val},
  booktitle={Proceedings of the twenty-sixth ACM SIGMOD-SIGACT-SIGART symposium on Principles of database systems},
  pages={31--40},
  year={2007},
  organization={ACM}
}

@article{dividino2009provenance,
  title={Provenance, Trust, Explanations-and all that other Meta Knowledge.},
  author={Dividino, Renata Queiroz and Schenk, Simon and Sizov, Sergej and Staab, Steffen},
  journal={KI},
  volume={23},
  number={2},
  pages={24--30},
  year={2009}
}

@inproceedings{schenk2009reasoning,
  title={Reasoning With Provenance, Trust and all that other Meta Knowlege in OWL.},
  author={Schenk, Simon and Dividino, Renata Queiroz and Staab, Steffen},
  booktitle={SWPM},
  year={2009}
}

@inproceedings{hernandez2015reifying,
  title={Reifying RDF: What Works Well With Wikidata?},
  author={Hern{\'a}ndez, Daniel and Hogan, Aidan and Kr{\"o}tzsch, Markus},
  booktitle={11th International Workshop on Scalable Semantic Web Knowledge Base Systems (SSWS 2015)},
  pages={32}
}

@inproceedings{macgregor2003representing,
  title={Representing Contextualized Data using Semantic Web Tools.},
  author={MacGregor, Robert M and Ko, In-Young},
  booktitle={PSSS},
  year={2003}
}

@incollection{jacobi2011rule,
  title={Rule-based trust assessment on the semantic web},
  author={Jacobi, Ian and Kagal, Lalana and Khandelwal, Ankesh},
  booktitle={Rule-Based Reasoning, Programming, and Applications},
  pages={227--241},
  year={2011},
  publisher={Springer}
}

@article{lebo2013prov,
  title={Prov-o: The prov ontology},
  author={Lebo, Timothy and Sahoo, Satya and McGuinness, Deborah and Belhajjame, Khalid and Cheney, James and Corsar, David and Garijo, Daniel and Soiland-Reyes, Stian and Zednik, Stephan and Zhao, Jun},
  journal={W3C Recommendation},
  volume={30},
  year={2013}
}

@inproceedings{ding2003trust,
  title={Trust Based Knowledge Outsourcing for Semantic Web Agents},
  author={Ding, Li and Zhou, Lina and Finin, Timothy W},
  booktitle={Web Intelligence},
  pages={379--387},
  year={2003}
}

@incollection{richardson2003trust,
  title={Trust management for the semantic web},
  author={Richardson, Matthew and Agrawal, Rakesh and Domingos, Pedro},
  booktitle={The Semantic Web-ISWC 2003},
  pages={351--368},
  year={2003},
  publisher={Springer}
}

@article{schenk2011using,
  title={Using provenance to debug changing ontologies},
  author={Schenk, Simon and Dividino, Renata and Staab, Steffen},
  journal={Web Semantics: Science, Services and Agents on the World Wide Web},
  volume={9},
  number={3},
  pages={284--298},
  year={2011},
  publisher={Elsevier}
}

@inproceedings{carroll2004rdf,
  title={RDF triples in XML},
  author={Carroll, Jeremy J and Stickler, Patrick},
  booktitle={Proceedings of the 13th international World Wide Web conference on Alternate track papers \& posters},
  pages={412--413},
  year={2004},
  organization={ACM}
}

@techreport{dumbill2003tracking,
  title={Tracking provenance of rdf data},
  author={Dumbill, E},
  year={2003},
  institution={Technical report, ISO/IEC}
}

@article{carothers2014rdf,
  title={RDF 1.1 N-Quads: A line-based syntax for RDF datasets},
  author={Carothers, G},
  journal={W3C Recommendation},
  year={2014}
}

@inproceedings{sahoo2010provenance,
  title={Provenance Context Entity (PaCE): Scalable provenance tracking for scientific RDF data},
  author={Sahoo, Satya S and Bodenreider, Olivier and Hitzler, Pascal and Sheth, Amit and Thirunarayan, Krishnaprasad},
  booktitle={Scientific and Statistical Database Management},
  pages={461--470},
  year={2010},
  organization={Springer}
}

@inproceedings{nguyen2014don,
  title={Don't like RDF reification?: making statements about statements using singleton property},
  author={Nguyen, Vinh and Bodenreider, Olivier and Sheth, Amit},
  booktitle={Proceedings of the 23rd international conference on World wide web},
  pages={759--770},
  year={2014},
  organization={ACM}
}

@incollection{carroll2003signing,
  title={Signing RDF graphs},
  author={Carroll, Jeremy J},
  booktitle={The Semantic Web-ISWC 2003},
  pages={369--384},
  year={2003},
  publisher={Springer}
}

@article{sayers2004computing,
  title={Computing the digest of an RDF graph},
  author={Sayers, Craig and Karp, Alan H},
  journal={Mobile and Media Systems Laboratory, HP Laboratories, Palo Alto, USA, Tech. Rep. HPL-2003-235},
  volume={1},
  year={2004}
}

@article{sayers2004rdf,
  title={RDF graph digest techniques and potential applications},
  author={Sayers, Craig and Karp, Alan H},
  journal={Mobile and Media Systems Laboratory, HP Laboratories Palo Alto, HPL-2004-95},
  year={2004}
}








@inproceedings{EIS:introQA,
  author = {Unger, Christina and Freitas, André and Cimiano, Philipp},
  booktitle = {Reasoning Web},
  editor = {Koubarakis, Manolis and Stamou, Giorgos B. and Stoilos, Giorgos and Horrocks, Ian and Kolaitis, Phokion G. and Lausen, Georg and Weikum, Gerhard},
  isbn = {978-3-319-10586-4},
  keywords = {dblp},
  pages = {100--140},
  publisher = {Springer},
  series = {Lecture Notes in Computer Science},
  timestamp = {2015-06-18T23:55:09.000+0200},
  title = {An Introduction to Question Answering over Linked Data.},
  volume = 8714,
  year = 2014
}
@article{EIS:RahmCleaning,
  added-at = {2008-07-07T16:45:32.000+0200},
  author = {Rahm, E. and Do, H.H.},
  issue = {4},
  journal = {Data Engineering Bulletin},
  keywords = {imported},
  owner = {pdeleenh},
  pages = {3--13},
  timestamp = {2008-07-07T16:47:41.000+0200},
  title = {Data Cleaning: Problems and Current Approaches},
  volume = 23,
  year = 2000
}
@inproceedings{EIS:wasabi_crocus,
  author = {Cherix, Didier and Usbeck, Ricardo and Both, Andreas and Lehmann, Jens},
  bdsk-url-1 = {http://jens-lehmann.org/files/2014/wasabi_crocus.pdf},
  biburl = {http://www.bibsonomy.org/bibtex/27036ab19e00db9d91757a962d09f5af0/aksw},
  booktitle = {Proceedings of the 2nd International Workshop on Semantic Web Enterprise Adoption and Best Practice},
  interhash = {20b8d28f81a4e03c6aa2d151cd91525d},
  intrahash = {7036ab19e00db9d91757a962d09f5af0},
  keywords = {2014 MOLE dllearner group_aksw lehmann ontology topic_EvolutionRepair usbeck},
  owner = {jl},
  timestamp = {2015-10-12T17:02:13.000+0200},
  title = {{CROCUS}: Cluster-based ontology data cleansing},
  url = {http://jens-lehmann.org/files/2014/wasabi_crocus.pdf},
  year = 2014
}

@inproceedings{EIS:Furber,
  author = {Fürber, Christian and Hepp, Martin},
  biburl = {http://www.bibsonomy.org/bibtex/2e5934eb4c604c6edb8b2311f5e946404/dblp},
  booktitle = {ECIS},
  crossref = {conf/ecis/2011},
  editor = {Tuunainen, Virpi Kristiina and Rossi, Matti and Nandhakumar, Joe},
  ee = {http://is2.lse.ac.uk/asp/aspecis/20110077.pdf},
  interhash = {d21fbec82774b97acc5622bf9e63fc9d},
  intrahash = {e5934eb4c604c6edb8b2311f5e946404},
  keywords = {dblp},
  timestamp = {2011-11-25T11:36:15.000+0100},
  title = {Swiqa - a semantic web information quality assessment framework.},
  url = {http://dblp.uni-trier.de/db/conf/ecis/ecis2011.html#FurberH11},
  year = 2011
}

@inproceedings{EIS:runit,
  address = {Republic and Canton of Geneva, Switzerland},
  author = {Kontokostas, Dimitris and Westphal, Patrick and Auer, S\"{o}ren and Hellmann, Sebastian and Lehmann, Jens and Cornelissen, Roland and Zaveri, Amrapali},
  bdsk-url-1 = {http://svn.aksw.org/papers/2014/WWW_Databugger/public.pdf},
  bdsk-url-2 = {http://dx.doi.org/10.1145/2566486.2568002},
  biburl = {http://www.bibsonomy.org/bibtex/2055b0803da55ef8abb539d2a622d53e8/aksw},
  booktitle = {Proceedings of the 23rd International Conference on World Wide Web},
  date-modified = {2015-02-06 06:56:57 +0000},
  doi = {10.1145/2566486.2568002},
  location = {Seoul, Korea},
  modified = {2015-02-06 06:56:57 +0000},
  numpages = {12},
  pages = {747--758},
  publisher = {International World Wide Web Conferences Steering Committee},
  series = {WWW '14},
  timestamp = {2015-10-12T17:02:35.000+0200},
  title = {Test-driven Evaluation of Linked Data Quality},
  url = {http://svn.aksw.org/papers/2014/WWW_Databugger/public.pdf},
  year = 2014
}

@inproceedings{EIS:sdtype,
  added-at = {2013-10-17T00:00:00.000+0200},
  author = {Paulheim, Heiko and Bizer, Christian},
  biburl = {http://www.bibsonomy.org/bibtex/2b1c4bba6dac2fdfc8563e784b64b9250/dblp},
  booktitle = {International Semantic Web Conference (1)},
  crossref = {conf/semweb/2013-1},
  editor = {Alani, Harith and Kagal, Lalana and Fokoue, Achille and Groth, Paul T. and Biemann, Chris and Parreira, Josiane Xavier and Aroyo, Lora and Noy, Natasha F. and Welty, Chris and Janowicz, Krzysztof},
  ee = {http://dx.doi.org/10.1007/978-3-642-41335-3_32},
  interhash = {0b3552ce37fd3a7856bd752feb06a420},
  intrahash = {b1c4bba6dac2fdfc8563e784b64b9250},
  isbn = {978-3-642-41334-6},
  keywords = {dblp},
  pages = {510-525},
  publisher = {Springer},
  series = {Lecture Notes in Computer Science},
  timestamp = {2013-10-18T11:37:50.000+0200},
  title = {Type Inference on Noisy RDF Data.},
  url = {http://dblp.uni-trier.de/db/conf/semweb/iswc2013-1.html#PaulheimB13},
  volume = 8218,
  year = 2013
}

@article{EIS:LinkMining,
  added-at = {2006-12-15T19:36:22.000+0100},
  address = {New York, NY, USA},
  author = {Getoor, Lise and Diehl, Christopher P.},
  description = {Link mining},
  doi = {http://doi.acm.org/10.1145/1117454.1117456},
  interhash = {d71ff8114c8b062f36d58ca649bc2a04},
  intrahash = {ac02f1d7dea7a106bc4103c8a9ec4aef},
  issn = {1931-0145},
  journal = {SIGKDD Explor. Newsl.},
  keywords = {link mining},
  number = 2,
  pages = {3--12},
  publisher = {ACM Press},
  timestamp = {2006-12-15T19:36:22.000+0100},
  title = {Link mining: a survey},
  volume = 7,
  year = 2005
}
@inproceedings{EIS:defacto,
  added-at = {2015-10-12T17:02:37.000+0200},
  author = {Lehmann, Jens and Gerber, Daniel and Morsey, Mohamed and {Ngonga Ngomo}, Axel-Cyrille},
  bdsk-url-1 = {http://jens-lehmann.org/files/2012/iswc_defacto.pdf},
  biburl = {http://www.bibsonomy.org/bibtex/2e4e6f0b849d0707948e43b1987389d19/aksw},
  booktitle = {Proc. of the International Semantic Web Conference},
  interhash = {98553f8ad50e8272ebe1faf2b9652e3c},
  intrahash = {e4e6f0b849d0707948e43b1987389d19},
  keywords = {2012 MOLE SIMBA boa defacto gerber group_aksw lehmann morsey ngonga},
  timestamp = {2015-10-12T17:02:37.000+0200},
  title = {DeFacto - Deep Fact Validation},
  url = {http://jens-lehmann.org/files/2012/iswc_defacto.pdf},
  year = 2012
}
@inproceedings{EIS:Stefan,
  added-at = {2015-10-13T00:00:00.000+0200},
  author = {Bischof, Stefan and Martin, Christoph and Polleres, Axel and Schneider, Patrik},
  biburl = {http://www.bibsonomy.org/bibtex/2eba00bce4189064c123234d01c65528b/dblp},
  booktitle = {International Semantic Web Conference (2)},
  crossref = {conf/semweb/2015-2},
  editor = {Arenas, Marcelo and Corcho, Óscar and Simperl, Elena and Strohmaier, Markus and d'Aquin, Mathieu and Srinivas, Kavitha and Groth, Paul T. and Dumontier, Michel and Heflin, Jeff and Thirunarayan, Krishnaprasad and Staab, Steffen},
  ee = {http://dx.doi.org/10.1007/978-3-319-25010-6_4},
  interhash = {7433d3ac8627837fc5e8b8d4959e3320},
  intrahash = {eba00bce4189064c123234d01c65528b},
  isbn = {978-3-319-25009-0},
  keywords = {dblp},
  pages = {57-75},
  publisher = {Springer},
  series = {Lecture Notes in Computer Science},
  timestamp = {2015-10-14T11:34:18.000+0200},
  title = {Collecting, Integrating, Enriching and Republishing Open City Data as Linked Data.},
  url = {http://dblp.uni-trier.de/db/conf/semweb/iswc2015-2.html#0002MPS15},
  volume = 9367,
  year = 2015
}
@inproceedings{EIS:buhmann,
  added-at = {2013-10-17T00:00:00.000+0200},
  author = {Bühmann, Lorenz and Lehmann, Jens},
  biburl = {http://www.bibsonomy.org/bibtex/29eb85c5bf86ac1ff4968313b6e44c970/dblp},
  booktitle = {International Semantic Web Conference (1)},
  crossref = {conf/semweb/2013-1},
  editor = {Alani, Harith and Kagal, Lalana and Fokoue, Achille and Groth, Paul T. and Biemann, Chris and Parreira, Josiane Xavier and Aroyo, Lora and Noy, Natasha F. and Welty, Chris and Janowicz, Krzysztof},
  ee = {http://dx.doi.org/10.1007/978-3-642-41335-3_3},
  interhash = {e6973a8b26fd7b783f1d468f5d883b50},
  intrahash = {9eb85c5bf86ac1ff4968313b6e44c970},
  isbn = {978-3-642-41334-6},
  keywords = {dblp},
  pages = {33-48},
  publisher = {Springer},
  series = {Lecture Notes in Computer Science},
  timestamp = {2013-10-18T11:37:50.000+0200},
  title = {Pattern Based Knowledge Base Enrichment.},
  url = {http://dblp.uni-trier.de/db/conf/semweb/iswc2013-1.html#BuhmannL13},
  volume = 8218,
  year = 2013
}
@inproceedings{EIS:ldif,
  added-at = {2012-08-20T13:57:49.000+0200},
  author = {Schultz, Andreas and Matteini, Andrea and Isele, Robert and Mendes, Pablo and Bizer, Christian and Becker, Christian},
  booktitle = {21st International World Wide Web Conference (WWW2012)},
  title = {LDIF-A Framework for Large-Scale Linked Data Integration},
  year = 2012
}
@inproceedings{EIS:odcleanstore,
  author = {Michelfeit, Jan and Knap, Tomas},
  booktitle = {International Semantic Web Conference (Posters \& Demos)},
  editor = {Glimm, Birte and Huynh, David},
  ee = {http://ceur-ws.org/Vol-914/paper_37.pdf},
  interhash = {e1409cbfd48756a6d5a199d2aee716a7},
  intrahash = {c304993f48c2c8c6428881de99af1bb9},
  keywords = {dblp},
  publisher = {CEUR-WS.org},
  series = {CEUR Workshop Proceedings}, 
  timestamp = {2013-09-17T11:36:41.000+0200},
  title = {Linked Data Fusion in ODCleanStore.},
  volume = 914,
  year = 2012
}
@inproceedings{EIS:sieve,
  author = {Mendes, Pablo N. and M{\"u}hleisen, Hannes and Bizer, Christian},
  booktitle = {Proceedings of the 2012 Joint EDBT/ICDT Workshops},
  keywords = {dataquality linkeddata semanticweb},
  pages = {116-123},
  title = {Sieve: Linked Data Quality Assessment and Fusion},
  year = 2012
}
@webpage{EIS:silk,
  added-at = {2011-08-19T12:45:25.000+0200},
  author = {Isele, Robert and Jentzsch, Anja and Bizer, Chris and Volz, Julius},
   keywords = {imported},
  lastchecked = {20-04-2011},
  month = {January},
  owner = {zazi},
  timestamp = {2011-08-19T12:45:30.000+0200},
  title = {{Silk - A Link Discovery Framework for the Web of Data}},
  url = {http://www4.wiwiss.fu-berlin.de/bizer/silk/},
  year = 2011
}
@inproceedings{EIS:r2r,
  author = {Bizer, Christian and Schultz, Andreas},
  biburl = {http://www.bibsonomy.org/bibtex/2cf2b4937a7a77d56442b0da3240aa34b/dblp},
  booktitle = {COLD},
  crossref = {conf/semweb/2010cold},
  editor = {Hartig, Olaf and Harth, Andreas and Sequeda, Juan},
  ee = {http://ceur-ws.org/Vol-665/BizerEtAl_COLD2010.pdf},
  interhash = {451914b28b69e387344d5bfca5ff53c8},
  intrahash = {cf2b4937a7a77d56442b0da3240aa34b},
  keywords = {dblp},
  publisher = {CEUR-WS.org},
  series = {CEUR Workshop Proceedings},
  timestamp = {2012-11-14T11:50:52.000+0100},
  title = {The R2R Framework: Publishing and Discovering Mappings on the Web.},
  url = {http://dblp.uni-trier.de/db/conf/semweb/cold2010.html#BizerS10},
  volume = 665,
  year = 2010
}
@inproceedings{EIS:syntgagnon,
 author = {Gagnon, Michel and Barrière, Caroline and Charton, Eric},
   booktitle = {LD4IE@ISWC},
  crossref = {conf/semweb/2013ld4ie},
  editor = {Gentile, Anna Lisa and Zhang, Ziqi and d'Amato, Claudia and Paulheim, Heiko},
  ee = {http://ceur-ws.org/Vol-1057/GagnonEtAl_LD4IE2013.pdf},
  interhash = {18582e93175f6513b20aecf6f0f0f023},
  intrahash = {0ea3e6dbd5d3b72fb0600c69057bf50d},
  keywords = {dblp},
  publisher = {CEUR-WS.org},
  series = {CEUR Workshop Proceedings},
  timestamp = {2013-12-10T11:40:41.000+0100},
  title = {Full Syntactic Parsing for Enrichment of RDF dataset.},
  url = {http://dblp.uni-trier.de/db/conf/semweb/ld4ie2013.html#GagnonBC13},
  volume = 1057,
  year = 2013
}
@inproceedings{EIS:sherif,
   author = {Sherif, {Mohamed Ahmed} and {Ngonga Ngomo}, Axel-Cyrille and Lehmann, Jens},
  bdsk-url-1 = {http://svn.aksw.org/papers/2015/ESWC_DEER/public.pdf},
  biburl = {http://www.bibsonomy.org/bibtex/27a98077232d2ea6325b40cee66fde103/aksw},
  booktitle = {12th Extended Semantic Web Conference, Portoroz, Slovenia, 31st May - 4th June 2015},
  interhash = {1d53de0d674b92f7dff3ae46593c355f},
  intrahash = {7a98077232d2ea6325b40cee66fde103},
  keywords = {MOLE deer geoknow group_aksw lehmann ngonga sherif simba},
  publisher = {Springer},
  timestamp = {2015-10-12T17:03:01.000+0200},
  title = {Automating {RDF} Dataset Transformation and Enrichment},
  url = {http://svn.aksw.org/papers/2015/ESWC_DEER/public.pdf},
  year = 2015
}

@article{abedjan2013improving,
  title={Improving rdf data through association rule mining},
  author={Abedjan, Ziawasch and Naumann, Felix},
  journal={Datenbank-Spektrum},
  volume={13},
  number={2},
  pages={111--120},
  year={2013},
  publisher={Springer}
}
@article{EIS:arule,
  added-at = {2014-11-05T00:00:00.000+0100},
  author = {Paulheim, Heiko and Bizer, Christian},
  biburl = {http://www.bibsonomy.org/bibtex/2cf8e3a1ef0bbac1314109adc19f64a1e/dblp},
  ee = {http://dx.doi.org/10.4018/ijswis.2014040104},
  interhash = {bf67999ac3be969a25e6c0dde6f5f71f},
  intrahash = {cf8e3a1ef0bbac1314109adc19f64a1e},
  journal = {Int. J. Semantic Web Inf. Syst.},
  keywords = {dblp},
  number = 2,
  pages = {63-86},
  timestamp = {2015-06-18T04:58:48.000+0200},
  title = {Improving the Quality of Linked Data Using Statistical Distributions.},
  url = {http://dblp.uni-trier.de/db/journals/ijswis/ijswis10.html#PaulheimB14},
  volume = 10,
  year = 2014
}

@article{morbidoni2007semantic,
  title={Semantic web pipes},
  author={Morbidoni, Christian and Polleres, Axel and Tummarello, Giovanni and Le Phuoc, Danh},
  journal={Rapport technique, DERI},
  volume={71},
  pages={108--112},
  year={2007}
}

@inproceedings{haase2011information,
  title={The Information Workbench as a Self-Service Platform for Linked Data Applications.},
  author={Haase, Peter and Schmidt, Michael and Schwarte, Andreas},
  booktitle={COLD},
  year={2011},
  organization={Citeseer}
}

@incollection{luo2014detect,
  title={Detect Missing Attributes for Entities in Knowledge Bases via Hierarchical Clustering},
  author={Luo, Bingfeng and Lu, Huanquan and Diao, Yigang and Feng, Yansong and Zhao, Dongyan},
  booktitle={Natural Language Processing and Chinese Computing},
  pages={392--402},
  year={2014},
  publisher={Springer}
}

@article{vrandevcic2014wikidata,
  title={Wikidata: a free collaborative knowledgebase},
  author={Vrande{\v{c}}i{\'c}, Denny and Kr{\"o}tzsch, Markus},
  journal={Communications of the ACM},
  volume={57},
  number={10},
  pages={78--85},
  year={2014},
  publisher={ACM}
}

@unpublished{ismayilovwikidata,
  title={Wikidata through the Eyes of DBpedia},
  author={Ismayilov, Ali and Kontokostas, Dimitris and Auer, S{\"o}ren and Lehmann, Jens and Hellmann, Sebastian},
  note={under review},
  journal={ISWC 2015}
}

@article{schreiber2014rdf,
  title={RDF 1.1 Primer},
  author={Schreiber, Guus and Raimond, Yves},
  journal={W3C Working Group Note},
  year={2014}
}

@article{harris2013sparql,
  title={SPARQL 1.1 query language},
  author={Harris, Steve and Seaborne, Andy and Prud’hommeaux, Eric},
  journal={W3C Recommendation},
  volume={21},
  year={2013}
}

@article{brickley2014rdfs,
  title={RDF Schema 1.1},
  author={Brickley, Dan and Guha, Ramanathan V},
  journal={W3C Recommendation},
  volume={25},
  pages={2004--2014},
  year={2014}
}

@article{w3c2009owl,
  title={{OWL} 2 Web Ontology Language Document Overview},
  author={W3C Owl Working Group and others},
  year={2009}
}


@misc{xu2014xser,
	Author = {Xu, Kun and Feng, Yansong and Zhao, Dongyan},
	Date-Added = {2015-07-20 07:09:56 +0000},
	Date-Modified = {2015-07-20 07:09:56 +0000},
	Publisher = {QALD-4},
	Title = {Xser@ QALD-4: Answering Natural Language Questions via Phrasal Semantic Parsing},
	Year = {2014}
}


@article{joint2012,
  title={Piecewise training for undirected models},
  author={Sutton, Charles and McCallum, Andrew},
  journal={arXiv preprint arXiv:1207.1409},
  year={2012}
}

@article{joint2009,
  title={Piecewise training for structured prediction},
  author={Sutton, Charles and McCallum, Andrew},
  journal={Machine learning},
  volume={77},
  number={2-3},
  pages={165--194},
  year={2009},
  publisher={Springer}
}

@inproceedings{sensembed,
  title={{SENSEMBED: Learning Sense Embeddings for Word and Relational Similarity}},
  author={Iacobacci, Ignacio and Pilehvar, Mohammad Taher and Navigli, Roberto},
  booktitle={Proceedings of the 53rd Annual Meeting of the Association for Computational Linguistics, Beijing, China},
  year={2015}
}

@article{mikolov1,
  title={Efficient estimation of word representations in vector space},
  author={Mikolov, Tomas and Chen, Kai and Corrado, Greg and Dean, Jeffrey},
  journal={arXiv preprint arXiv:1301.3781},
  year={2013}
}
,

@inproceedings{mikolov2,
  title={Distributed representations of words and phrases and their compositionality},
  author={Mikolov, Tomas and Sutskever, Ilya and Chen, Kai and Corrado, Greg S and Dean, Jeff},
  booktitle={Advances in neural information processing systems},
  pages={3111--3119},
  year={2013}
}

@inproceedings{transe,
  title={Knowledge graph embedding by translating on hyperplanes},
  author={Wang, Zhen and Zhang, Jianwen and Feng, Jianlin and Chen, Zheng},
  booktitle={Proceedings of the Twenty-Eighth AAAI Conference on Artificial Intelligence},
  pages={1112--1119},
  year={2014},
  organization={Citeseer}
}

@inproceedings{ntn,
  title={Reasoning with neural tensor networks for knowledge base completion},
  author={Socher, Richard and Chen, Danqi and Manning, Christopher D and Ng, Andrew},
  booktitle={Advances in Neural Information Processing Systems},
  pages={926--934},
  year={2013}
}

@article{riedel2013,
  title={Relation extraction with matrix factorization and universal schemas},
  author={Riedel, Sebastian and Yao, Limin and McCallum, Andrew and Marlin, Benjamin M},
  year={2013}
}

@inproceedings{trescal,
  title={Typed tensor decomposition of knowledge bases for relation extraction},
  author={Chang, Kai-Wei and Yih, Wen-tau and Yang, Bishan and Meek, Christopher},
  booktitle={Proceedings of the 2014 Conference on Empirical Methods in Natural Language Processing (EMNLP)},
  pages={1568--1579},
  year={2014}
}

@incollection{tatec,
  title={Effective Blending of Two and Three-way Interactions for Modeling Multi-relational Data},
  author={Garc{\'\i}a-Dur{\'a}n, Alberto and Bordes, Antoine and Usunier, Nicolas},
  booktitle={Machine Learning and Knowledge Discovery in Databases},
  pages={434--449},
  year={2014},
  publisher={Springer}
}

@inproceedings{boa,
  title={Bootstrapping the linked data web},
  author={Gerber, Daniel and Ngomo, A-C Ngonga},
  booktitle={1st Workshop on Web Scale Knowledge Extraction@ ISWC},
  volume={2011},
  year={2011}
},

@article{stagg,
  title={Semantic Parsing via Staged Query Graph Generation: Question Answering with Knowledge Base},
  author={Chang, Wen-tau Yih Ming-Wei and Gao, Xiaodong He Jianfeng}
}

@inproceedings{treo,
  title={Treo: combining entity-search, spreading activation and semantic relatedness for querying linked data},
  author={Freitas, Andr{\'e} and Oliveira, Joao Gabriel and Curry, Edward and O’Riain, Se{\'a}n and da Silva, Joao Carlos Pereira},
  booktitle={Proc. of 1st Workshop on Question Answering over Linked Data (QALD-1) at the 8th Extended Semantic Web Conference (ESWC 2011)},
  year={2011}
}

@incollection{hakimov,
  title={Applying Semantic Parsing to Question Answering Over Linked Data: Addressing the Lexical Gap},
  author={Hakimov, Sherzod and Unger, Christina and Walter, Sebastian and Cimiano, Philipp},
  booktitle={Natural Language Processing and Information Systems},
  pages={103--109},
  year={2015},
  publisher={Springer}
}

@article{ccg, title={Combinatory categorial grammar}, author={Steedman, Mark and Baldridge, Jason}, journal={Non-Transformational Syntax: Formal and Explicit Models of Grammar. Wiley-Blackwell}, year={2011}},

@inproceedings{ccgsr, title={Shift-reduce ccg parsing}, author={Zhang, Yue and Clark, Stephen}, booktitle={Proceedings of the 49th Annual Meeting of the Association for Computational Linguistics: Human Language Technologies-Volume 1}, pages={683--692}, year={2011}, organization={Association for Computational Linguistics}},

@article{ccgsrdm,  title={Shift-reduce ccg parsing with a dependency model},  author={Wenduan Xu, Stephen Clark and Zhang, Yue and Grammar, Combinatory Categorial and others},  year={2014},  publisher={Citeseer}},

@article{cnc,  title={Wide-coverage efficient statistical parsing with CCG and log-linear models},  author={Clark, Stephen and Curran, James R},  journal={Computational Linguistics},  volume={33},  number={4},  pages={493--552},  year={2007},  publisher={MIT Press}},


@inproceedings{relaxedccg,  title={Online Learning of Relaxed CCG Grammars for Parsing to Logical Form.},  author={Zettlemoyer, Luke S and Collins, Michael},  booktitle={EMNLP-CoNLL},  pages={678--687},  year={2007}},


@article{uwspf, title={UW SPF: The University of Washington Semantic Parsing Framework}, author={Artzi, Yoav and Zettlemoyer, Luke}, journal={arXiv preprint arXiv:1311.3011}, year={2013}},

@article{msqa,  title={An Overview of Microsoft Deep QA System on Stanford WebQuestions Benchmark},  author={Wang, Zhenghao and Yan, Shengquan and Wang, Huaming and Huang, Xuedong},  year={2014}}
,

@inproceedings{zc05,
  author    = {Luke S. Zettlemoyer and
               Michael Collins},
  title     = {Learning to Map Sentences to Logical Form: Structured Classification
               with Probabilistic Categorial Grammars},
  booktitle = {{UAI} '05, Proceedings of the 21st Conference in Uncertainty in Artificial
               Intelligence, Edinburgh, Scotland, July 26-29, 2005},
  pages     = {658--666},
  year      = {2005},
  crossref  = {DBLP:conf/uai/2005},
  url       = {https://dslpitt.org/uai/displayArticleDetails.jsp?mmnu=1&smnu=2&article_id=1209&proceeding_id=21},
  timestamp = {Wed, 06 May 2015 15:02:54 +0200},
  biburl    = {http://dblp.uni-trier.de/rec/bib/conf/uai/ZettlemoyerC05},
  bibsource = {dblp computer science bibliography, http://dblp.org}
}


@inproceedings{parasempre, title={Semantic parsing via paraphrasing}, author={Berant, Jonathan and Liang, Percy},  booktitle={Proceedings of ACL},  volume={7},  number={1},  pages={92},  year={2014}},

@article{reddy,  title={Large-scale semantic parsing without question-answer pairs},  author={Reddy, Siva and Lapata, Mirella and Steedman, Mark},  journal={Transactions of the Association for Computational Linguistics},  volume={2},  pages={377--392},  year={2014}},

@inproceedings{dbplemon,
  title={A lemon lexicon for DBpedia},
  author={Unger, Christina and McCrae, John and Walter, Sebastian and Winter, Sara and Cimiano, Philipp},
  booktitle={Proceedings of 1st International Workshop on NLP and DBpedia, co-located with the 12th International Semantic Web Conference (ISWC 2013), October 21-25, Sydney, Australia},
  year={2013}
}

@inproceedings{singh2013joint,
  title={Joint inference of entities, relations, and coreference},
  author={Singh, Sameer and Riedel, Sebastian and Martin, Brian and Zheng, Jiaping and McCallum, Andrew},
  booktitle={Proceedings of the 2013 workshop on Automated knowledge base construction},
  pages={1--6},
  year={2013},
  organization={ACM}
}

@report{State-LOD-Cloud-0.4,
  author = {Max Schmachtenberg and Christian Bizer and Heiko Paulheim},
  version = {0.4},
  date = {2014-08-30},
  title = {State of the LOD Cloud},
  url = {http://linkeddatacatalog.dws.informatik.uni-mannheim.de/state/},
  urldate =      {2015-10-11},
}

@inproceedings{vrandevcic2012wikidata,
  title={Wikidata: A new platform for collaborative data collection},
  author={Vrande{\v{c}}i{\'c}, Denny},
  booktitle={Proceedings of the 21st international conference companion on World Wide Web},
  pages={1063--1064},
  year={2012},
  organization={ACM}
}


@article{dima2013intui2,
	Author = {Dima, Corina},
	Date-Added = {2015-08-26 09:30:31 +0000},
	Date-Modified = {2015-08-26 09:30:31 +0000},
	Journal = {Proceedings of the Question Answering over Linked Data lab (QALD-3) at CLEF},
	Title = {Intui2: A prototype system for question answering over linked data},
	Year = {2013}}
	
@inproceedings{dima2014answering,
	Author = {Dima, Corina},
	Booktitle = {Conference and Labs of the Evaluation Forum (CLEF)},
	Date-Added = {2015-08-26 09:42:13 +0000},
	Date-Modified = {2015-08-26 09:42:13 +0000},
	Title = {Answering natural language questions with Intui3},
	Year = {2014}
}

@inproceedings{damljanovic2010identification,
	Annote = {FREyA},
	Author = {Damljanovic, Danica and Agatonovic, Milan and Cunningham, Hamish},
	Booktitle = {LREC},
	Date-Added = {2015-07-24 12:42:39 +0000},
	Date-Modified = {2015-07-24 12:43:07 +0000},
	Title = {Identification of the Question Focus: Combining Syntactic Analysis and Ontology-based Lookup through the User Interaction.},
	Year = {2010}
}

@article{unger2012template,
	Author = {Unger, Christina and B{\"u}hmann, Lorenz and Lehmann, Jens and Ngonga Ngomo, Axel-Cyrille and Gerber, Daniel and Cimiano, Philipp},
	Date-Added = {2015-07-21 15:06:31 +0000},
	Date-Modified = {2015-07-21 15:07:47 +0000},
	Journal = {Proceedings of the 21st international conference on World Wide Web},
	Number = {639--648},
	Title = {Template-based question answering over RDF data},
	Year = {2012}}
	
@article{shekarpour2015sina,
	Author = {Shekarpour, Saeedeh and Marx, Edgard and Ngomo, Axel-Cyrille Ngonga and Auer, S{\"o}ren},
	Date-Added = {2015-07-17 12:37:24 +0000},
	Date-Modified = {2015-07-17 12:37:24 +0000},
	Journal = {Web Semantics: Science, Services and Agents on the World Wide Web},
	Pages = {39--51},
	Publisher = {Elsevier},
	Title = {Sina: Semantic interpretation of user queries for question answering on interlinked data},
	Volume = {30},
	Year = {2015}
}

@inproceedings{yahya2013robust,
	Annote = {DEANNA},
	Author = {Yahya, Mohamed and Berberich, Klaus and Elbassuoni, Shady and Weikum, Gerhard},
	Booktitle = {Proceedings of the 22nd ACM international conference on Conference on information \& knowledge management},
	Date-Added = {2015-07-10 12:24:23 +0000},
	Date-Modified = {2015-07-29 10:27:32 +0000},
	Organization = {ACM},
	Pages = {1107--1116},
	Title = {Robust question answering over the web of linked data},
	Year = {2013}
}

@inproceedings{cabrio2012qakis,
  title={Qakis: an open domain qa system based on relational patterns},
  author={Cabrio, Elena and Cojan, Julien and Aprosio, Alessio Palmero and Magnini, Bernardo and Lavelli, Alberto and Gandon, Fabien},
  booktitle={11th International Semantic Web Conference ISWC 2012},
  pages={9},
  year={2012},
  organization={Citeseer}
}

@inproceedings{damljanovic2012freya,
  title={FREyA: An interactive way of querying Linked Data using natural language},
  author={Damljanovic, Danica and Agatonovic, Milan and Cunningham, Hamish},
  booktitle={The Semantic Web: ESWC 2011 Workshops},
  pages={125--138},
  year={2012},
  organization={Springer}
}